<?xml version="1.0" encoding="UTF-8"?><collection xmlns="http://www.loc.gov/MARC21/slim"><record><leader>00315nam--2200133-i-4500</leader><controlfield tag="001">000028139</controlfield><controlfield tag="002">20161230</controlfield><controlfield tag="005">20161230201037</controlfield><controlfield tag="008">060222s1000------------r-----000-0-eng-d</controlfield><datafield ind1=" " ind2=" " tag="080"><subfield code="a">53:62</subfield></datafield><datafield ind1=" " ind2=" " tag="100"><subfield code="a">Kendall E.J.M</subfield></datafield><datafield ind1=" " ind2=" " tag="245"><subfield code="a">Basic engineering physics</subfield></datafield><datafield ind1=" " ind2=" " tag="260"><subfield code="a">London, Macdonald, 1964. Vii+200p</subfield></datafield><datafield ind1=" " ind2=" " tag="852"><subfield code="a">20439</subfield></datafield></record></collection>